%A
@ARTICLE{Ajith_2011,
       author = {{Ajith}, P.},
        title = "{Addressing the spin question in gravitational-wave searches: Waveform templates for inspiralling compact binaries with nonprecessing spins}",
      journal = {\prd},
     keywords = {04.25.Nx, 04.30.Db, Post-Newtonian approximation, perturbation theory, related approximations, Wave generation and sources, General Relativity and Quantum Cosmology, Astrophysics - High Energy Astrophysical Phenomena},
         year = 2011,
        month = Oct,
       volume = {84},
          eid = {084037},
        pages = {084037},
          doi = {10.1103/PhysRevD.84.084037},
archivePrefix = {arXiv},
       eprint = {1107.1267},
 primaryClass = {gr-qc},
       adsurl = {https://ui.adsabs.harvard.edu/\#abs/2011PhRvD..84h4037A},
      adsnote = {Provided by the SAO/NASA Astrophysics Data System}
}



@ARTICLE{Arun2009,
       author = {{Arun}, K.~G. and {Buonanno}, Alessandra and {Faye}, Guillaume and
        {Ochsner}, Evan},
        title = "{Higher-order spin effects in the amplitude and phase of gravitational waveforms emitted by inspiraling compact binaries: Ready-to-use gravitational waveforms}",
      journal = {\prd},
     keywords = {04.25.Nx, 04.30.Db, Post-Newtonian approximation, perturbation theory, related approximations, Wave generation and sources, General Relativity and Quantum Cosmology},
         year = 2009,
        month = May,
       volume = {79},
          eid = {104023},
        pages = {104023},
          doi = {10.1103/PhysRevD.79.104023},
archivePrefix = {arXiv},
       eprint = {0810.5336},
 primaryClass = {gr-qc},
       adsurl = {https://ui.adsabs.harvard.edu/\#abs/2009PhRvD..79j4023A},
      adsnote = {Provided by the SAO/NASA Astrophysics Data System}
}


%B
@ARTICLE{Buonanno_Sigl2015,
       author = {{Buonanno}, Alessandra and {Sigl}, G{\"u}nter and {Raffelt}, Georg G.
        and {Janka}, Hans-Thomas and {M{\"u}ller}, Ewald},
        title = "{Stochastic gravitational-wave background from cosmological supernovae}",
      journal = {\prd},
     keywords = {04.30.Db, 04.80.Nn, 95.85.Ry, 97.60.Bw, Wave generation and sources, Gravitational wave detectors and experiments, Neutrino muon pion and other elementary particles, cosmic rays, Supernovae, Astrophysics, General Relativity and Quantum Cosmology},
         year = 2005,
        month = Oct,
       volume = {72},
          eid = {084001},
        pages = {084001},
          doi = {10.1103/PhysRevD.72.084001},
archivePrefix = {arXiv},
       eprint = {astro-ph/0412277},
 primaryClass = {astro-ph},
       adsurl = {https://ui.adsabs.harvard.edu/\#abs/2005PhRvD..72h4001B},
      adsnote = {Provided by the SAO/NASA Astrophysics Data System}
}

@article{Blanchet_Damour1992,
  title = {Hereditary effects in gravitational radiation},
  author = {Blanchet, Luc and Damour, Thibault},
  journal = {Phys. Rev. D},
  volume = {46},
  issue = {10},
  pages = {4304--4319},
  numpages = {0},
  year = {1992},
  month = {Nov},
  publisher = {American Physical Society},
  doi = {10.1103/PhysRevD.46.4304},
  url = {https://link.aps.org/doi/10.1103/PhysRevD.46.4304}
}

@ARTICLE{Blanchet_Iyer2008,
       author = {{Blanchet}, Luc and {Faye}, Guillaume and {Iyer}, Bala R. and {Sinha},
        Siddhartha},
        title = "{The third post-Newtonian gravitational wave polarizations and associated spherical harmonic modes for inspiralling compact binaries in quasi-circular orbits}",
      journal = {Classical and Quantum Gravity},
     keywords = {General Relativity and Quantum Cosmology},
         year = 2008,
        month = Aug,
       volume = {25},
          eid = {165003},
        pages = {165003},
          doi = {10.1088/0264-9381/25/16/165003},
archivePrefix = {arXiv},
       eprint = {0802.1249},
 primaryClass = {gr-qc},
       adsurl = {https://ui.adsabs.harvard.edu/\#abs/2008CQGra..25p5003B},
      adsnote = {Provided by the SAO/NASA Astrophysics Data System}
}

@ARTICLE{Berti2007,
       author = {{Berti}, Emanuele and {Cardoso}, Vitor and {Gonzalez}, Jos{\'e} A. and
        {Sperhake}, Ulrich and {Hannam}, Mark and {Husa}, Sascha and
        {Br{\"u}gmann}, Bernd},
        title = "{Inspiral, merger, and ringdown of unequal mass black hole binaries: A multipolar analysis}",
      journal = {\prd},
     keywords = {04.25.Dm, 04.25.Nx, 04.30.Db, 04.70.Bw, Numerical relativity, Post-Newtonian approximation, perturbation theory, related approximations, Wave generation and sources, Classical black holes, General Relativity and Quantum Cosmology, Astrophysics},
         year = 2007,
        month = Sep,
       volume = {76},
          eid = {064034},
        pages = {064034},
          doi = {10.1103/PhysRevD.76.064034},
archivePrefix = {arXiv},
       eprint = {gr-qc/0703053},
 primaryClass = {gr-qc},
       adsurl = {https://ui.adsabs.harvard.edu/\#abs/2007PhRvD..76f4034B},
      adsnote = {Provided by the SAO/NASA Astrophysics Data System}
}

@ARTICLE{Burrows1996,
       author = {{Burrows}, Adam and {Hayes}, John},
        title = "{Pulsar Recoil and Gravitational Radiation Due to Asymmetrical Stellar Collapse and Explosion}",
      journal = {\prl},
     keywords = {Astrophysics},
         year = "1996",
        month = "Jan",
       volume = {76},
        pages = {352-355},
          doi = {10.1103/PhysRevLett.76.352},
archivePrefix = {arXiv},
       eprint = {astro-ph/9511106},
 primaryClass = {astro-ph},
       adsurl = {https://ui.adsabs.harvard.edu/\#abs/1996PhRvL..76..352B},
      adsnote = {Provided by the SAO/NASA Astrophysics Data System}
}



%C
@article{Christodoulou1991,
  title = {Nonlinear nature of gravitation and gravitational-wave experiments},
  author = {Christodoulou, Demetrios},
  journal = {Phys. Rev. Lett.},
  volume = {67},
  issue = {12},
  pages = {1486--1489},
  numpages = {0},
  year = {1991},
  month = {Sep},
  publisher = {American Physical Society},
  doi = {10.1103/PhysRevLett.67.1486},
  url = {https://link.aps.org/doi/10.1103/PhysRevLett.67.1486}
}

@ARTICLE{COtt2009,
       author = {{Ott}, Christian D},
        title = "{TOPICAL REVIEW:  The gravitational-wave signature of core-collapse supernovae}",
      journal = {Classical and Quantum Gravity},
     keywords = {Astrophysics, General Relativity and Quantum Cosmology},
         year = "2009",
        month = "Mar",
       volume = {26},
          eid = {063001},
        pages = {063001},
          doi = {10.1088/0264-9381/26/6/063001},
archivePrefix = {arXiv},
       eprint = {0809.0695},
 primaryClass = {astro-ph},
       adsurl = {https://ui.adsabs.harvard.edu/\#abs/2009CQGra..26f3001O},
      adsnote = {Provided by the SAO/NASA Astrophysics Data System}
}



%D

@ARTICLE{Davies_Melvyn2002,
       author = {{Davies}, Melvyn B. and {King}, Andrew and {Rosswog}, Stephan and
        {Wynn}, Graham},
        title = "{Gamma-Ray Bursts, Supernova Kicks, and Gravitational Radiation}",
      journal = {\apj},
     keywords = {Accretion, Accretion Disks, Stars: Binaries: Close, Gamma Rays: Bursts, Gravitational Waves, Stars: Neutron, Stars: Supernovae: General, Astrophysics},
         year = 2002,
        month = Nov,
       volume = {579},
        pages = {L63-L66},
          doi = {10.1086/345288},
archivePrefix = {arXiv},
       eprint = {astro-ph/0204358},
 primaryClass = {astro-ph},
       adsurl = {https://ui.adsabs.harvard.edu/\#abs/2002ApJ...579L..63D},
      adsnote = {Provided by the SAO/NASA Astrophysics Data System}
}

%E
%F
@ARTICLE{Favata2009,
       author = {{Favata}, Marc},
        title = "{Post-Newtonian corrections to the gravitational-wave memory for quasicircular, inspiralling compact binaries}",
      journal = {\prd},
     keywords = {04.25.Nx, 04.30.Db, 04.30.Tv, 95.30.Sf, Post-Newtonian approximation, perturbation theory, related approximations, Wave generation and sources, Gravitational-wave astrophysics, Relativity and gravitation, General Relativity and Quantum Cosmology, Astrophysics - Solar and Stellar Astrophysics},
         year = 2009,
        month = Jul,
       volume = {80},
          eid = {024002},
        pages = {024002},
          doi = {10.1103/PhysRevD.80.024002},
archivePrefix = {arXiv},
       eprint = {0812.0069},
 primaryClass = {gr-qc},
       adsurl = {https://ui.adsabs.harvard.edu/\#abs/2009PhRvD..80b4002F},
      adsnote = {Provided by the SAO/NASA Astrophysics Data System}
}

@ARTICLE{Favata2010,
       author = {{Favata}, Marc},
        title = "{The gravitational-wave memory effect}",
      journal = {Classical and Quantum Gravity},
     keywords = {General Relativity and Quantum Cosmology, Astrophysics - High Energy Astrophysical Phenomena},
         year = 2010,
        month = Apr,
       volume = {27},
          eid = {084036},
        pages = {084036},
          doi = {10.1088/0264-9381/27/8/084036},
archivePrefix = {arXiv},
       eprint = {1003.3486},
 primaryClass = {gr-qc},
       adsurl = {https://ui.adsabs.harvard.edu/\#abs/2010CQGra..27h4036F},
      adsnote = {Provided by the SAO/NASA Astrophysics Data System}
}


%G
%H
@ARTICLE{Hannam2009,
       author = {{Hannam}, Mark and {Husa}, Sascha and {Baker}, John G. and {Boyle},
        Michael and {Br{\"u}gmann}, Bernd and {Chu}, Tony and {Dorband},
        Nils and {Herrmann}, Frank and {Hinder}, Ian and {Kelly},
        Bernard J. and {Kidder}, Lawrence E. and {Laguna}, Pablo and
        {Matthews}, Keith D. and {van Meter}, James R. and {Pfeiffer},
        Harald P. and {Pollney}, Denis and {Reisswig}, Christian and
        {Scheel}, Mark A. and {Shoemaker}, Deirdre},
        title = "{Samurai project: Verifying the consistency of black-hole-binary waveforms for gravitational-wave detection}",
      journal = {\prd},
     keywords = {04.25.D-, 04.20.Ex, 04.30.Db, 95.30.Sf, Numerical relativity, Initial value problem existence and uniqueness of solutions, Wave generation and sources, Relativity and gravitation, General Relativity and Quantum Cosmology},
         year = 2009,
        month = Apr,
       volume = {79},
          eid = {084025},
        pages = {084025},
          doi = {10.1103/PhysRevD.79.084025},
archivePrefix = {arXiv},
       eprint = {0901.2437},
 primaryClass = {gr-qc},
       adsurl = {https://ui.adsabs.harvard.edu/\#abs/2009PhRvD..79h4025H},
      adsnote = {Provided by the SAO/NASA Astrophysics Data System}
}



%I
@article{Isaacson1968,
  title = {Gravitational Radiation in the Limit of High Frequency. II. Nonlinear Terms and the Effective Stress Tensor},
  author = {Isaacson, Richard A.},
  journal = {Phys. Rev.},
  volume = {166},
  issue = {5},
  pages = {1272--1280},
  numpages = {0},
  year = {1968},
  month = {Feb},
  publisher = {American Physical Society},
  doi = {10.1103/PhysRev.166.1272},
  url = {https://link.aps.org/doi/10.1103/PhysRev.166.1272}
}


%K

@ARTICLE{Kotake_Kei2009,
       author = {{Kotake}, Kei and {Iwakami}, Wakana and {Ohnishi}, Naofumi and {Yamada},
        Shoichi},
        title = "{Stochastic Nature of Gravitational Waves from Supernova Explosions with Standing Accretion Shock Instability}",
      journal = {\apj},
     keywords = {gravitational waves, hydrodynamics, instabilities, neutrinos, supernovae: general, Astrophysics - High Energy Astrophysical Phenomena},
         year = 2009,
        month = Jun,
       volume = {697},
        pages = {L133-L136},
          doi = {10.1088/0004-637X/697/2/L133},
archivePrefix = {arXiv},
       eprint = {0904.4300},
 primaryClass = {astro-ph.HE},
       adsurl = {https://ui.adsabs.harvard.edu/\#abs/2009ApJ...697L.133K},
      adsnote = {Provided by the SAO/NASA Astrophysics Data System}
}

@ARTICLE{Kidder2008,
       author = {{Kidder}, Lawrence E.},
        title = "{Using full information when computing modes of post-Newtonian waveforms from inspiralling compact binaries in circular orbit}",
      journal = {\prd},
     keywords = {04.25.Nx, 04.25.dk, Post-Newtonian approximation, perturbation theory, related approximations, Numerical studies of other relativistic binaries, General Relativity and Quantum Cosmology},
         year = 2008,
        month = Feb,
       volume = {77},
          eid = {044016},
        pages = {044016},
          doi = {10.1103/PhysRevD.77.044016},
archivePrefix = {arXiv},
       eprint = {0710.0614},
 primaryClass = {gr-qc},
       adsurl = {https://ui.adsabs.harvard.edu/\#abs/2008PhRvD..77d4016K},
      adsnote = {Provided by the SAO/NASA Astrophysics Data System}
}

%L
@article{Loveridge:2003fy,
      author         = "Loveridge, Lee Carson",
      title          = "{Gravitational waves from a pulsar kick caused by
                        neutrino conversions}",
      journal        = "Phys. Rev.",
      volume         = "D69",
      year           = "2004",
      pages          = "024008",
      doi            = "10.1103/PhysRevD.69.024008",
      eprint         = "astro-ph/0309362",
      archivePrefix  = "arXiv",
      primaryClass   = "astro-ph",
      reportNumber   = "UCLA-03-TEP-25",
      SLACcitation   = "%%CITATION = ASTRO-PH/0309362;%%"
}




@ARTICLE{Ligocatalog2018,
       author = {{The LIGO Scientific Collaboration} and {the Virgo Collaboration} and
         {Abbott}, B.~P. and {Abbott}, R. and {Abbott}, T.~D. and {Abraham}, S. and
         {Acernese}, F. and {Ackley}, K. and {Adams}, C. and {Adhikari}, R.~X. and
         {Adya}, V.~B. and {Affeldt}, C. and {Agathos}, M. and {Agatsuma}, K. and
         {Aggarwal}, N. and {Aguiar}, O.~D. and {Aiello}, L. and {Ain}, A. and
         {Ajith}, P. and {Allen}, G. and {Allocca}, A. and {Aloy}, M.~A. and
         {Altin}, P.~A. and {Amato}, A. and {Ananyeva}, A. and
         {Anderson}, S.~B. and {Anderson}, W.~G. and {Angelova}, S.~V. and
         {Antier}, S. and {Appert}, S. and {Arai}, K. and {Araya}, M.~C. and
         {Areeda}, J.~S. and {Ar{\`e}ne}, M. and {Arnaud}, N. and {Arun}, K.~G. and
         {Ascenzi}, S. and {Ashton}, G. and {Aston}, S.~M. and {Astone}, P. and
         {Aubin}, F. and {Aufmuth}, P. and {AultONeal}, K. and {Austin}, C. and
         {Avendano}, V. and {Avila-Alvarez}, A. and {Babak}, S. and {Bacon}, P. and
         {Badaracco}, F. and {Bader}, M.~K.~M. and {Bae}, S. and {Baker}, P.~T. and
         {Baldaccini}, F. and {Ballardin}, G. and {Ballmer}, S.~W. and
         {Banagiri}, S. and {Barayoga}, J.~C. and {Barclay}, S.~E. and
         {Barish}, B.~C. and {Barker}, D. and {Barkett}, K. and {Barnum}, S. and
         {Barone}, F. and {Barr}, B. and {Barsotti}, L. and {Barsuglia}, M. and
         {Barta}, D. and {Bartlett}, J. and {Bartos}, I. and {Bassiri}, R. and
         {Basti}, A. and {Bawaj}, M. and {Bayley}, J.~C. and {Bazzan}, M. and
         {B{\'e}csy}, B. and {Bejger}, M. and {Belahcene}, I. and {Bell}, A.~S. and
         {Beniwal}, D. and {Berger}, B.~K. and {Bergmann}, G. and
         {Bernuzzi}, S. and {Bero}, J.~J. and {Berry}, C.~P.~L. and
         {Bersanetti}, D. and {Bertolini}, A. and {Betzwieser}, J. and {Bhand
        are}, R. and {Bidler}, J. and {Bilenko}, I.~A. and {Bilgili}, S.~A. and
         {Billingsley}, G. and {Birch}, J. and {Birney}, R. and {Birnholtz}, O. and
         {Biscans}, S. and {Biscoveanu}, S. and {Bisht}, A. and {Bitossi}, M. and
         {Bizouard}, M.~A. and {Blackburn}, J.~K. and {Blackman}, J. and
         {Blair}, C.~D. and {Blair}, D.~G. and {Blair}, R.~M. and {Bloemen}, S. and
         {Bode}, N. and {Boer}, M. and {Boetzel}, Y. and {Bogaert}, G. and
         {Bondu}, F. and {Bonilla}, E. and {Bonnand}, R. and {Booker}, P. and
         {Boom}, B.~A. and {Booth}, C.~D. and {Bork}, R. and {Boschi}, V. and
         {Bose}, S. and {Bossie}, K. and {Bossilkov}, V. and {Bosveld}, J. and
         {Bouffanais}, Y. and {Bozzi}, A. and {Bradaschia}, C. and
         {Brady}, P.~R. and {Bramley}, A. and {Branchesi}, M. and {Brau}, J.~E. and
         {Briant}, T. and {Briggs}, J.~H. and {Brighenti}, F. and {Brillet}, A. and
         {Brinkmann}, M. and {Brisson}, V. and {Brockill}, P. and
         {Brooks}, A.~F. and {Brown}, D.~D. and {Brunett}, S. and {Buikema}, A. and
         {Bulik}, T. and {Bulten}, H.~J. and {Buonanno}, A. and {Buskulic}, D. and
         {Bustamante Rosell}, M.~J. and {Buy}, C. and {Byer}, R.~L. and
         {Cabero}, M. and {Cadonati}, L. and {Cagnoli}, G. and {Cahillane}, C. and
         {Calder{\'o}n Bustillo}, J. and {Callister}, T.~A. and {Calloni}, E. and
         {Camp}, J.~B. and {Campbell}, W.~A. and {Canepa}, M. and
         {Cannon}, K.~C. and {Cao}, H. and {Cao}, J. and {Capocasa}, E. and
         {Carbognani}, F. and {Caride}, S. and {Carney}, M.~F. and
         {Carullo}, G. and {Casanueva Diaz}, J. and {Casentini}, C. and
         {Caudill}, S. and {Cavagli{\`a}}, M. and {Cavalier}, F. and
         {Cavalieri}, R. and {Cella}, G. and {Cerd{\'a}-Dur{\'a}n}, P. and
         {Cerretani}, G. and {Cesarini}, E. and {Chaibi}, O. and
         {Chakravarti}, K. and {Chamberlin}, S.~J. and {Chan}, M. and
         {Chao}, S. and {Charlton}, P. and {Chase}, E.~A. and {Chassand
        e-Mottin}, E. and {Chatterjee}, D. and {Chaturvedi}, M. and
         {Chatziioannou}, K. and {Cheeseboro}, B.~D. and {Chen}, H.~Y. and
         {Chen}, X. and {Chen}, Y. and {Cheng}, H. -P. and {Cheong}, C.~K. and
         {Chia}, H.~Y. and {Chincarini}, A. and {Chiummo}, A. and {Cho}, G. and
         {Cho}, H.~S. and {Cho}, M. and {Christensen}, N. and {Chu}, Q. and
         {Chua}, S. and {Chung}, K.~W. and {Chung}, S. and {Ciani}, G. and
         {Ciobanu}, A.~A. and {Ciolfi}, R. and {Cipriano}, F. and {Cirone}, A. and
         {Clara}, F. and {Clark}, J.~A. and {Clearwater}, P. and {Cleva}, F. and
         {Cocchieri}, C. and {Coccia}, E. and {Cohadon}, P. -F. and {Cohen}, D. and
         {Colgan}, R. and {Colleoni}, M. and {Collette}, C.~G. and
         {Collins}, C. and {Cominsky}, L.~R. and {Constancio}, M., Jr. and
         {Conti}, L. and {Cooper}, S.~J. and {Corban}, P. and {Corbitt}, T.~R. and
         {Cordero-Carri{\'o}n}, I. and {Corley}, K.~R. and {Cornish}, N. and
         {Corsi}, A. and {Cortese}, S. and {Costa}, C.~A. and {Cotesta}, R. and
         {Coughlin}, M.~W. and {Coughlin}, S.~B. and {Coulon}, J. -P. and
         {Countryman}, S.~T. and {Couvares}, P. and {Covas}, P.~B. and
         {Cowan}, E.~E. and {Coward}, D.~M. and {Cowart}, M.~J. and
         {Coyne}, D.~C. and {Coyne}, R. and {Creighton}, J.~D.~E. and
         {Creighton}, T.~D. and {Cripe}, J. and {Croquette}, M. and
         {Crowder}, S.~G. and {Cullen}, T.~J. and {Cumming}, A. and
         {Cunningham}, L. and {Cuoco}, E. and {Dal Canton}, T. and
         {D{\'a}lya}, G. and {Danilishin}, S.~L. and {D'Antonio}, S. and
         {Danzmann}, K. and {Dasgupta}, A. and {Da Silva Costa}, C.~F. and
         {Datrier}, L.~E.~H. and {Dattilo}, V. and {Dave}, I. and {Davier}, M. and
         {Davis}, D. and {Daw}, E.~J. and {DeBra}, D. and {Deenadayalan}, M. and
         {Degallaix}, J. and {De Laurentis}, M. and {Del{\'e}glise}, S. and
         {Del Pozzo}, W. and {DeMarchi}, L.~M. and {Demos}, N. and {Dent}, T. and
         {De Pietri}, R. and {Derby}, J. and {De Rosa}, R. and {De Rossi}, C. and
         {DeSalvo}, R. and {de Varona}, O. and {Dhurandhar}, S. and
         {D{\'\i}az}, M.~C. and {Dietrich}, T. and {Di Fiore}, L. and
         {Di Giovanni}, M. and {Di Girolamo}, T. and {Di Lieto}, A. and
         {Ding}, B. and {Di Pace}, S. and {Di Palma}, I. and {Di Renzo}, F. and
         {Dmitriev}, A. and {Doctor}, Z. and {Donovan}, F. and {Dooley}, K.~L. and
         {Doravari}, S. and {Dorrington}, I. and {Downes}, T.~P. and
         {Drago}, M. and {Driggers}, J.~C. and {Du}, Z. and {Ducoin}, J. -G. and
         {Dupej}, P. and {Dwyer}, S.~E. and {Easter}, P.~J. and {Edo}, T.~B. and
         {Edwards}, M.~C. and {Effler}, A. and {Ehrens}, P. and {Eichholz}, J. and
         {Eikenberry}, S.~S. and {Eisenmann}, M. and {Eisenstein}, R.~A. and
         {Essick}, R.~C. and {Estelles}, H. and {Estevez}, D. and
         {Etienne}, Z.~B. and {Etzel}, T. and {Evans}, M. and {Evans}, T.~M. and
         {Fafone}, V. and {Fair}, H. and {Fairhurst}, S. and {Fan}, X. and
         {Farinon}, S. and {Farr}, B. and {Farr}, W.~M. and
         {Fauchon-Jones}, E.~J. and {Favata}, M. and {Fays}, M. and {Fazio}, M. and
         {Fee}, C. and {Feicht}, J. and {Fejer}, M.~M. and {Feng}, F. and {Fernand
        ez-Galiana}, A. and {Ferrante}, I. and {Ferreira}, E.~C. and
         {Ferreira}, T.~A. and {Ferrini}, F. and {Fidecaro}, F. and {Fiori}, I. and
         {Fiorucci}, D. and {Fishbach}, M. and {Fisher}, R.~P. and
         {Fishner}, J.~M. and {Fitz-Axen}, M. and {Flaminio}, R. and
         {Fletcher}, M. and {Flynn}, E. and {Fong}, H. and {Font}, J.~A. and
         {Forsyth}, P.~W.~F. and {Fournier}, J. -D. and {Frasca}, S. and
         {Frasconi}, F. and {Frei}, Z. and {Freise}, A. and {Frey}, R. and
         {Frey}, V. and {Fritschel}, P. and {Frolov}, V.~V. and {Fulda}, P. and
         {Fyffe}, M. and {Gabbard}, H.~A. and {Gadre}, B.~U. and
         {Gaebel}, S.~M. and {Gair}, J.~R. and {Gammaitoni}, L. and
         {Ganija}, M.~R. and {Gaonkar}, S.~G. and {Garcia}, A. and
         {Garc{\'\i}a-Quir{\'o}s}, C. and {Garufi}, F. and {Gateley}, B. and
         {Gaudio}, S. and {Gaur}, G. and {Gayathri}, V. and {Gemme}, G. and
         {Genin}, E. and {Gennai}, A. and {George}, D. and {George}, J. and
         {Gergely}, L. and {Germain}, V. and {Ghonge}, S. and {Ghosh}, Abhirup and
         {Ghosh}, Archisman and {Ghosh}, S. and {Giacomazzo}, B. and
         {Giaime}, J.~A. and {Giardina}, K.~D. and {Giazotto}, A. and
         {Gill}, K. and {Giordano}, G. and {Glover}, L. and {Godwin}, P. and
         {Goetz}, E. and {Goetz}, R. and {Goncharov}, B. and {Gonz{\'a}lez}, G. and
         {Gonzalez Castro}, J.~M. and {Gopakumar}, A. and {Gorodetsky}, M.~L. and
         {Gossan}, S.~E. and {Gosselin}, M. and {Gouaty}, R. and {Grado}, A. and
         {Graef}, C. and {Granata}, M. and {Grant}, A. and {Gras}, S. and
         {Grassia}, P. and {Gray}, C. and {Gray}, R. and {Greco}, G. and
         {Green}, A.~C. and {Green}, R. and {Gretarsson}, E.~M. and {Groot}, P. and
         {Grote}, H. and {Grunewald}, S. and {Gruning}, P. and {Guidi}, G.~M. and
         {Gulati}, H.~K. and {Guo}, Y. and {Gupta}, A. and {Gupta}, M.~K. and
         {Gustafson}, E.~K. and {Gustafson}, R. and {Haegel}, L. and
         {Halim}, O. and {Hall}, B.~R. and {Hall}, E.~D. and {Hamilton}, E.~Z. and
         {Hammond}, G. and {Haney}, M. and {Hanke}, M.~M. and {Hanks}, J. and
         {Hanna}, C. and {Hannam}, M.~D. and {Hannuksela}, O.~A. and
         {Hanson}, J. and {Hardwick}, T. and {Haris}, K. and {Harms}, J. and
         {Harry}, G.~M. and {Harry}, I.~W. and {Haster}, C. -J. and
         {Haughian}, K. and {Hayes}, F.~J. and {Healy}, J. and {Heidmann}, A. and
         {Heintze}, M.~C. and {Heitmann}, H. and {Hello}, P. and {Hemming}, G. and
         {Hendry}, M. and {Heng}, I.~S. and {Hennig}, J. and
         {Heptonstall}, A.~W. and {Hernandez Vivanco}, Francisco and
         {Heurs}, M. and {Hild}, S. and {Hinderer}, T. and {Hoak}, D. and
         {Hochheim}, S. and {Hofman}, D. and {Holgado}, A.~M. and {Holland
        }, N.~A. and {Holt}, K. and {Holz}, D.~E. and {Hopkins}, P. and
         {Horst}, C. and {Hough}, J. and {Howell}, E.~J. and {Hoy}, C.~G. and
         {Hreibi}, A. and {Huang}, Y. and {Huerta}, E.~A. and {Huet}, D. and
         {Hughey}, B. and {Hulko}, M. and {Husa}, S. and {Huttner}, S.~H. and
         {Huynh-Dinh}, T. and {Idzkowski}, B. and {Iess}, A. and {Ingram}, C. and
         {Inta}, R. and {Intini}, G. and {Irwin}, B. and {Isa}, H.~N. and
         {Isac}, J. -M. and {Isi}, M. and {Iyer}, B.~R. and {Izumi}, K. and
         {Jacqmin}, T. and {Jadhav}, S.~J. and {Jani}, K. and
         {Janthalur}, N.~N. and {Jaranowski}, P. and {Jenkins}, A.~C. and
         {Jiang}, J. and {Johnson}, D.~S. and {Johnson-McDaniel}, N.~K. and
         {Jones}, A.~W. and {Jones}, D.~I. and {Jones}, R. and
         {Jonker}, R.~J.~G. and {Ju}, L. and {Junker}, J. and
         {Kalaghatgi}, C.~V. and {Kalogera}, V. and {Kamai}, B. and {Kand
        hasamy}, S. and {Kang}, G. and {Kanner}, J.~B. and {Kapadia}, S.~J. and
         {Karki}, S. and {Karvinen}, K.~S. and {Kashyap}, R. and
         {Kasprzack}, M. and {Katsanevas}, S. and {Katsavounidis}, E. and
         {Katzman}, W. and {Kaufer}, S. and {Kawabe}, K. and {Keerthana}, N.~V. and
         {K{\'e}f{\'e}lian}, F. and {Keitel}, D. and {Kennedy}, R. and
         {Key}, J.~S. and {Khalili}, F.~Y. and {Khan}, H. and {Khan}, I. and
         {Khan}, S. and {Khan}, Z. and {Khazanov}, E.~A. and {Khursheed}, M. and
         {Kijbunchoo}, N. and {Kim}, Chunglee and {Kim}, J.~C. and {Kim}, K. and
         {Kim}, W. and {Kim}, W.~S. and {Kim}, Y. -M. and {Kimball}, C. and
         {King}, E.~J. and {King}, P.~J. and {Kinley-Hanlon}, M. and
         {Kirchhoff}, R. and {Kissel}, J.~S. and {Kleybolte}, L. and
         {Klika}, J.~H. and {Klimenko}, S. and {Knowles}, T.~D. and {Koch}, P. and
         {Koehlenbeck}, S.~M. and {Koekoek}, G. and {Koley}, S. and
         {Kondrashov}, V. and {Kontos}, A. and {Koper}, N. and {Korobko}, M. and
         {Korth}, W.~Z. and {Kowalska}, I. and {Kozak}, D.~B. and {Kringel}, V. and
         {Krishnendu}, N. and {Kr{\'o}lak}, A. and {Kuehn}, G. and {Kumar}, A. and
         {Kumar}, P. and {Kumar}, R. and {Kumar}, S. and {Kuo}, L. and
         {Kutynia}, A. and {Kwang}, S. and {Lackey}, B.~D. and {Lai}, K.~H. and
         {Lam}, T.~L. and {Landry}, M. and {Lane}, B.~B. and {Lang}, R.~N. and
         {Lange}, J. and {Lantz}, B. and {Lanza}, R.~K. and
         {Lartaux-Vollard}, A. and {Lasky}, P.~D. and {Laxen}, M. and
         {Lazzarini}, A. and {Lazzaro}, C. and {Leaci}, P. and {Leavey}, S. and
         {Lecoeuche}, Y.~K. and {Lee}, C.~H. and {Lee}, H.~K. and {Lee}, H.~M. and
         {Lee}, H.~W. and {Lee}, J. and {Lee}, K. and {Lehmann}, J. and
         {Lenon}, A. and {Leroy}, N. and {Letendre}, N. and {Levin}, Y. and
         {Li}, J. and {Li}, K.~J.~L. and {Li}, T.~G.~F. and {Li}, X. and
         {Lin}, F. and {Linde}, F. and {Linker}, S.~D. and {Littenberg}, T.~B. and
         {Liu}, J. and {Liu}, X. and {Lo}, R.~K.~L. and {Lockerbie}, N.~A. and
         {London}, L.~T. and {Longo}, A. and {Lorenzini}, M. and {Loriette}, V. and
         {Lormand}, M. and {Losurdo}, G. and {Lough}, J.~D. and {Lousto}, C.~O. and
         {Lovelace}, G. and {Lower}, M.~E. and {L{\"u}ck}, H. and {Lumaca}, D. and
         {Lundgren}, A.~P. and {Lynch}, R. and {Ma}, Y. and {Macas}, R. and
         {Macfoy}, S. and {MacInnis}, M. and {Macleod}, D.~M. and {Macquet}, A. and
         {Maga{\~n}a-Sandoval}, F. and {Maga{\~n}a Zertuche}, L. and
         {Magee}, R.~M. and {Majorana}, E. and {Maksimovic}, I. and {Malik}, A. and
         {Man}, N. and {Mandic}, V. and {Mangano}, V. and {Mansell}, G.~L. and
         {Manske}, M. and {Mantovani}, M. and {Marchesoni}, F. and {Marion}, F. and
         {M{\'a}rka}, S. and {M{\'a}rka}, Z. and {Markakis}, C. and
         {Markosyan}, A.~S. and {Markowitz}, A. and {Maros}, E. and
         {Marquina}, A. and {Marsat}, S. and {Martelli}, F. and {Martin}, I.~W. and
         {Martin}, R.~M. and {Martynov}, D.~V. and {Mason}, K. and
         {Massera}, E. and {Masserot}, A. and {Massinger}, T.~J. and
         {Masso-Reid}, M. and {Mastrogiovanni}, S. and {Matas}, A. and
         {Matichard}, F. and {Matone}, L. and {Mavalvala}, N. and
         {Mazumder}, N. and {McCann}, J.~J. and {McCarthy}, R. and {McClelland
        }, D.~E. and {McCormick}, S. and {McCuller}, L. and {McGuire}, S.~C. and
         {McIver}, J. and {McManus}, D.~J. and {McRae}, T. and
         {McWilliams}, S.~T. and {Meacher}, D. and {Meadors}, G.~D. and
         {Mehmet}, M. and {Mehta}, A.~K. and {Meidam}, J. and {Melatos}, A. and
         {Mendell}, G. and {Mercer}, R.~A. and {Mereni}, L. and {Merilh}, E.~L. and
         {Merzougui}, M. and {Meshkov}, S. and {Messenger}, C. and
         {Messick}, C. and {Metzdorff}, R. and {Meyers}, P.~M. and {Miao}, H. and
         {Michel}, C. and {Middleton}, H. and {Mikhailov}, E.~E. and
         {Milano}, L. and {Miller}, A.~L. and {Miller}, A. and {Millhouse}, M. and
         {Mills}, J.~C. and {Milovich-Goff}, M.~C. and {Minazzoli}, O. and
         {Minenkov}, Y. and {Mishkin}, A. and {Mishra}, C. and {Mistry}, T. and
         {Mitra}, S. and {Mitrofanov}, V.~P. and {Mitselmakher}, G. and
         {Mittleman}, R. and {Mo}, G. and {Moffa}, D. and {Mogushi}, K. and
         {Mohapatra}, S.~R.~P. and {Montani}, M. and {Moore}, C.~J. and
         {Moraru}, D. and {Moreno}, G. and {Morisaki}, S. and {Mours}, B. and
         {Mow-Lowry}, C.~M. and {Mukherjee}, Arunava and {Mukherjee}, D. and
         {Mukherjee}, S. and {Mukund}, N. and {Mullavey}, A. and {Munch}, J. and
         {Mu{\~n}iz}, E.~A. and {Muratore}, M. and {Murray}, P.~G. and
         {Nagar}, A. and {Nardecchia}, I. and {Naticchioni}, L. and
         {Nayak}, R.~K. and {Neilson}, J. and {Nelemans}, G. and
         {Nelson}, T.~J.~N. and {Nery}, M. and {Neunzert}, A. and {Ng}, K.~Y. and
         {Ng}, S. and {Nguyen}, P. and {Nichols}, D. and {Nielsen}, A.~B. and
         {Nissanke}, S. and {Nitz}, A. and {Nocera}, F. and {North}, C. and
         {Nuttall}, L.~K. and {Obergaulinger}, M. and {Oberling}, J. and
         {O'Brien}, B.~D. and {O'Dea}, G.~D. and {Ogin}, G.~H. and {Oh}, J.~J. and
         {Oh}, S.~H. and {Ohme}, F. and {Ohta}, H. and {Okada}, M.~A. and
         {Oliver}, M. and {Oppermann}, P. and {Oram}, Richard J. and
         {O'Reilly}, B. and {Ormiston}, R.~G. and {Ortega}, L.~F. and
         {O'Shaughnessy}, R. and {Ossokine}, S. and {Ottaway}, D.~J. and
         {Overmier}, H. and {Owen}, B.~J. and {Pace}, A.~E. and {Pagano}, G. and
         {Page}, M.~A. and {Pai}, A. and {Pai}, S.~A. and {Palamos}, J.~R. and
         {Palashov}, O. and {Palomba}, C. and {Pal-Singh}, A. and
         {Pan}, Huang-Wei and {Pang}, B. and {Pang}, P.~T.~H. and {Pankow}, C. and
         {Pannarale}, F. and {Pant}, B.~C. and {Paoletti}, F. and {Paoli}, A. and
         {Papa}, M.~A. and {Parida}, A. and {Parker}, W. and {Pascucci}, D. and
         {Pasqualetti}, A. and {Passaquieti}, R. and {Passuello}, D. and
         {Patil}, M. and {Patricelli}, B. and {Pearlstone}, B.~L. and
         {Pedersen}, C. and {Pedraza}, M. and {Pedurand}, R. and {Pele}, A. and
         {Penn}, S. and {Perego}, A. and {Perez}, C.~J. and {Perreca}, A. and
         {Pfeiffer}, H.~P. and {Phelps}, M. and {Phukon}, K.~S. and
         {Piccinni}, O.~J. and {Pichot}, M. and {Piergiovanni}, F. and
         {Pillant}, G. and {Pinard}, L. and {Pirello}, M. and {Pitkin}, M. and
         {Poggiani}, R. and {Pong}, D.~Y.~T. and {Ponrathnam}, S. and
         {Popolizio}, P. and {Porter}, E.~K. and {Powell}, J. and
         {Prajapati}, A.~K. and {Prasad}, J. and {Prasai}, K. and
         {Prasanna}, R. and {Pratten}, G. and {Prestegard}, T. and
         {Privitera}, S. and {Prodi}, G.~A. and {Prokhorov}, L.~G. and
         {Puncken}, O. and {Punturo}, M. and {Puppo}, P. and {P{\"u}rrer}, M. and
         {Qi}, H. and {Quetschke}, V. and {Quinonez}, P.~J. and
         {Quintero}, E.~A. and {Quitzow-James}, R. and {Raab}, F.~J. and
         {Radkins}, H. and {Radulescu}, N. and {Raffai}, P. and {Raja}, S. and
         {Rajan}, C. and {Rajbhandari}, B. and {Rakhmanov}, M. and
         {Ramirez}, K.~E. and {Ramos-Buades}, A. and {Rana}, Javed and
         {Rao}, K. and {Rapagnani}, P. and {Raymond}, V. and {Razzano}, M. and
         {Read}, J. and {Regimbau}, T. and {Rei}, L. and {Reid}, S. and
         {Reitze}, D.~H. and {Ren}, W. and {Ricci}, F. and {Richardson}, C.~J. and
         {Richardson}, J.~W. and {Ricker}, P.~M. and {Riemenschneider}, G.~M. and
         {Riles}, K. and {Rizzo}, M. and {Robertson}, N.~A. and {Robie}, R. and
         {Robinet}, F. and {Rocchi}, A. and {Rolland}, L. and {Rollins}, J.~G. and
         {Roma}, V.~J. and {Romanelli}, M. and {Romano}, R. and {Romel}, C.~L. and
         {Romie}, J.~H. and {Rose}, K. and {Rosi{\'n}ska}, D. and
         {Rosofsky}, S.~G. and {Ross}, M.~P. and {Rowan}, S. and
         {R{\"u}diger}, A. and {Ruggi}, P. and {Rutins}, G. and {Ryan}, K. and
         {Sachdev}, S. and {Sadecki}, T. and {Sakellariadou}, M. and
         {Salafia}, O. and {Salconi}, L. and {Saleem}, M. and {Salemi}, F. and
         {Samajdar}, A. and {Sammut}, L. and {Sanchez}, E.~J. and
         {Sanchez}, L.~E. and {Sanchis-Gual}, N. and {Sandberg}, V. and {Sand
        ers}, J.~R. and {Santiago}, K.~A. and {Sarin}, N. and {Sassolas}, B. and
         {Sathyaprakash}, B.~S. and {Saulson}, P.~R. and {Sauter}, O. and
         {Savage}, R.~L. and {Schale}, P. and {Scheel}, M. and {Scheuer}, J. and
         {Schmidt}, P. and {Schnabel}, R. and {Schofield}, R.~M.~S. and
         {Sch{\"o}nbeck}, A. and {Schreiber}, E. and {Schulte}, B.~W. and
         {Schutz}, B.~F. and {Schwalbe}, S.~G. and {Scott}, J. and
         {Scott}, S.~M. and {Seidel}, E. and {Sellers}, D. and
         {Sengupta}, A.~S. and {Sennett}, N. and {Sentenac}, D. and
         {Sequino}, V. and {Sergeev}, A. and {Setyawati}, Y. and
         {Shaddock}, D.~A. and {Shaffer}, T. and {Shahriar}, M.~S. and
         {Shaner}, M.~B. and {Shao}, L. and {Sharma}, P. and {Shawhan}, P. and
         {Shen}, H. and {Shink}, R. and {Shoemaker}, D.~H. and
         {Shoemaker}, D.~M. and {ShyamSundar}, S. and {Siellez}, K. and
         {Sieniawska}, M. and {Sigg}, D. and {Silva}, A.~D. and {Singer}, L.~P. and
         {Singh}, N. and {Singhal}, A. and {Sintes}, A.~M. and
         {Sitmukhambetov}, S. and {Skliris}, V. and {Slagmolen}, B.~J.~J. and
         {Slaven-Blair}, T.~J. and {Smith}, J.~R. and {Smith}, R.~J.~E. and
         {Somala}, S. and {Son}, E.~J. and {Sorazu}, B. and {Sorrentino}, F. and
         {Souradeep}, T. and {Sowell}, E. and {Spencer}, A.~P. and
         {Srivastava}, A.~K. and {Srivastava}, V. and {Staats}, K. and
         {Stachie}, C. and {Standke}, M. and {Steer}, D.~A. and {Steinke}, M. and
         {Steinlechner}, J. and {Steinlechner}, S. and {Steinmeyer}, D. and
         {Stevenson}, S.~P. and {Stocks}, D. and {Stone}, R. and {Stops}, D.~J. and
         {Strain}, K.~A. and {Stratta}, G. and {Strigin}, S.~E. and
         {Strunk}, A. and {Sturani}, R. and {Stuver}, A.~L. and {Sudhir}, V. and
         {Summerscales}, T.~Z. and {Sun}, L. and {Sunil}, S. and {Suresh}, J. and
         {Sutton}, P.~J. and {Swinkels}, B.~L. and {Szczepa{\'n}czyk}, M.~J. and
         {Tacca}, M. and {Tait}, S.~C. and {Talbot}, C. and {Talukder}, D. and
         {Tanner}, D.~B. and {T{\'a}pai}, M. and {Taracchini}, A. and
         {Tasson}, J.~D. and {Taylor}, R. and {Thies}, F. and {Thomas}, M. and
         {Thomas}, P. and {Thondapu}, S.~R. and {Thorne}, K.~A. and
         {Thrane}, E. and {Tiwari}, Shubhanshu and {Tiwari}, Srishti and
         {Tiwari}, V. and {Toland}, K. and {Tonelli}, M. and {Tornasi}, Z. and
         {Torres-Forn{\'e}}, A. and {Torrie}, C.~I. and {T{\"o}yr{\"a}}, D. and
         {Travasso}, F. and {Traylor}, G. and {Tringali}, M.~C. and
         {Trovato}, A. and {Trozzo}, L. and {Trudeau}, R. and {Tsang}, K.~W. and
         {Tse}, M. and {Tso}, R. and {Tsukada}, L. and {Tsuna}, D. and
         {Tuyenbayev}, D. and {Ueno}, K. and {Ugolini}, D. and
         {Unnikrishnan}, C.~S. and {Urban}, A.~L. and {Usman}, S.~A. and
         {Vahlbruch}, H. and {Vajente}, G. and {Valdes}, G. and {van Bakel}, N. and
         {van Beuzekom}, M. and {van den Brand}, J.~F.~J. and
         {Van Den Broeck}, C. and {Vander-Hyde}, D.~C. and
         {van Heijningen}, J.~V. and {van der Schaaf}, L. and
         {van Veggel}, A.~A. and {Vardaro}, M. and {Varma}, V. and {Vass}, S. and
         {Vas{\'u}th}, M. and {Vecchio}, A. and {Vedovato}, G. and {Veitch}, J. and
         {Veitch}, P.~J. and {Venkateswara}, K. and {Venugopalan}, G. and
         {Verkindt}, D. and {Vetrano}, F. and {Vicer{\'e}}, A. and
         {Viets}, A.~D. and {Vine}, D.~J. and {Vinet}, J. -Y. and {Vitale}, S. and
         {Vo}, T. and {Vocca}, H. and {Vorvick}, C. and {Vyatchanin}, S.~P. and
         {Wade}, A.~R. and {Wade}, L.~E. and {Wade}, M. and {Walet}, R. and
         {Walker}, M. and {Wallace}, L. and {Walsh}, S. and {Wang}, G. and
         {Wang}, H. and {Wang}, J.~Z. and {Wang}, W.~H. and {Wang}, Y.~F. and
         {Ward}, R.~L. and {Warden}, Z.~A. and {Warner}, J. and {Was}, M. and
         {Watchi}, J. and {Weaver}, B. and {Wei}, L. -W. and {Weinert}, M. and
         {Weinstein}, A.~J. and {Weiss}, R. and {Wellmann}, F. and {Wen}, L. and
         {Wessel}, E.~K. and {We{\ss}els}, P. and {Westhouse}, J.~W. and
         {Wette}, K. and {Whelan}, J.~T. and {White}, L.~V. and
         {Whiting}, B.~F. and {Whittle}, C. and {Wilken}, D.~M. and
         {Williams}, D. and {Williamson}, A.~R. and {Willis}, J.~L. and
         {Willke}, B. and {Wimmer}, M.~H. and {Winkler}, W. and {Wipf}, C.~C. and
         {Wittel}, H. and {Woan}, G. and {Woehler}, J. and {Wofford}, J.~K. and
         {Worden}, J. and {Wright}, J.~L. and {Wu}, D.~S. and {Wysocki}, D.~M. and
         {Xiao}, L. and {Yamamoto}, H. and {Yancey}, C.~C. and {Yang}, L. and
         {Yap}, M.~J. and {Yazback}, M. and {Yeeles}, D.~W. and {Yu}, Hang and
         {Yu}, Haocun and {Yuen}, S.~H.~R. and {Yvert}, M. and
         {Zadro{\.z}ny}, A.~K. and {Zanolin}, M. and {Zappa}, F. and
         {Zelenova}, T. and {Zendri}, J. -P. and {Zevin}, M. and {Zhang}, J. and
         {Zhang}, L. and {Zhang}, T. and {Zhao}, C. and {Zhou}, M. and
         {Zhou}, Z. and {Zhu}, X.~J. and {Zimmerman}, A.~B. and {Zlochower}, Y. and
         {Zucker}, M.~E. and {Zweizig}, J.},
        title = "{GWTC-1: A Gravitational-Wave Transient Catalog of Compact Binary Mergers Observed by LIGO and Virgo during the First and Second Observing Runs}",
      journal = {arXiv e-prints},
     keywords = {Astrophysics - High Energy Astrophysical Phenomena, Astrophysics - Cosmology and Nongalactic Astrophysics, General Relativity and Quantum Cosmology},
         year = "2018",
        month = "Nov",
          eid = {arXiv:1811.12907},
        pages = {arXiv:1811.12907},
archivePrefix = {arXiv},
       eprint = {1811.12907},
 primaryClass = {astro-ph.HE},
       adsurl = {https://ui.adsabs.harvard.edu/\#abs/2018arXiv181112907T},
      adsnote = {Provided by the SAO/NASA Astrophysics Data System}
}


%M
@ARTICLE{Muller2004,
       author = {{M{\"u}ller}, Ewald and {Rampp}, Markus and {Buras}, Robert and
         {Janka}, H. -Thomas and {Shoemaker}, David H.},
        title = "{Toward Gravitational Wave Signals from Realistic Core-Collapse Supernova Models}",
      journal = {\apj},
     keywords = {Gravitational Waves, Hydrodynamics, Relativity, Stars: Supernovae: General, Astrophysics},
         year = "2004",
        month = "Mar",
       volume = {603},
        pages = {221-230},
          doi = {10.1086/381360},
archivePrefix = {arXiv},
       eprint = {astro-ph/0309833},
 primaryClass = {astro-ph},
       adsurl = {https://ui.adsabs.harvard.edu/\#abs/2004ApJ...603..221M},
      adsnote = {Provided by the SAO/NASA Astrophysics Data System}
}



%P

@article{Payne1894,
  title = {Smarr's zero-frequency-limit calculation},
  author = {Payne, P. N.},
  journal = {Phys. Rev. D},
  volume = {28},
  issue = {8},
  pages = {1894--1897},
  numpages = {0},
  year = {1983},
  month = {Oct},
  publisher = {American Physical Society},
  doi = {10.1103/PhysRevD.28.1894},
  url = {https://link.aps.org/doi/10.1103/PhysRevD.28.1894}
}

@ARTICLE{Pshirkov2010,
       author = {{Pshirkov}, M.~S. and {Baskaran}, D. and {Postnov}, K.~A.},
        title = "{Observing gravitational wave bursts in pulsar timing measurements}",
      journal = {\mnras},
     keywords = {gravitational waves, pulsars: general, galaxies: evolution, cosmology: miscellaneous, Astrophysics - Cosmology and Extragalactic Astrophysics, Astrophysics - Instrumentation and Methods for Astrophysics, General Relativity and Quantum Cosmology},
         year = "2010",
        month = "Feb",
       volume = {402},
        pages = {417-423},
          doi = {10.1111/j.1365-2966.2009.15887.x},
archivePrefix = {arXiv},
       eprint = {0909.0742},
 primaryClass = {astro-ph.CO},
       adsurl = {https://ui.adsabs.harvard.edu/\#abs/2010MNRAS.402..417P},
      adsnote = {Provided by the SAO/NASA Astrophysics Data System}
}


%R
@ARTICLE{Reisswig_Pollney2011,
       author = {{Reisswig}, Christian and {Pollney}, Denis},
        title = "{Notes on the integration of numerical relativity waveforms}",
      journal = {Classical and Quantum Gravity},
     keywords = {General Relativity and Quantum Cosmology},
         year = 2011,
        month = Oct,
       volume = {28},
          eid = {195015},
        pages = {195015},
          doi = {10.1088/0264-9381/28/19/195015},
archivePrefix = {arXiv},
       eprint = {1006.1632},
 primaryClass = {gr-qc},
       adsurl = {https://ui.adsabs.harvard.edu/\#abs/2011CQGra..28s5015R},
      adsnote = {Provided by the SAO/NASA Astrophysics Data System}
}

@ARTICLE{Reisswig2009,
       author = {{Reisswig}, C. and {Bishop}, N.~T. and {Pollney}, D. and {Szil{\'a}gyi},
        B.},
        title = "{Unambiguous Determination of Gravitational Waveforms from Binary Black Hole Mergers}",
      journal = {\prl},
     keywords = {04.25.dg, 04.20.Ha, 04.30.Db, 04.30.Nk, Numerical studies of black holes and black-hole binaries, Asymptotic structure, Wave generation and sources, Wave propagation and interactions, General Relativity and Quantum Cosmology},
         year = 2009,
        month = Nov,
       volume = {103},
          eid = {221101},
        pages = {221101},
          doi = {10.1103/PhysRevLett.103.221101},
archivePrefix = {arXiv},
       eprint = {0907.2637},
 primaryClass = {gr-qc},
       adsurl = {https://ui.adsabs.harvard.edu/\#abs/2009PhRvL.103v1101R},
      adsnote = {Provided by the SAO/NASA Astrophysics Data System}
}

@ARTICLE{Reisswig2011,
       author = {{Pollney}, Denis and {Reisswig}, Christian},
        title = "{Gravitational Memory in Binary Black Hole Mergers}",
      journal = {\apj},
     keywords = {black hole physics, gravitation, gravitational waves, General Relativity and Quantum Cosmology},
         year = "2011",
        month = "May",
       volume = {732},
          eid = {L13},
        pages = {L13},
          doi = {10.1088/2041-8205/732/1/L13},
archivePrefix = {arXiv},
       eprint = {1004.4209},
 primaryClass = {gr-qc},
       adsurl = {https://ui.adsabs.harvard.edu/abs/2011ApJ...732L..13P},
      adsnote = {Provided by the SAO/NASA Astrophysics Data System}
}



%T
@ARTICLE{Thorne_Braginskii1987,
   author = {{Braginskii}, V.~B. and {Thorne}, K.~S.},
    title = "{Gravitational-wave bursts with memory and experimental prospects}",
  journal = {\nat},
 keywords = {Gravitational Wave Antennas, Gravitational Waves, Bursts, Cosmology, Periodic Variations, Stochastic Processes},
     year = 1987,
    month = may,
   volume = 327,
    pages = {123-125},
      doi = {10.1038/327123a0},
   adsurl = {http://adsabs.harvard.edu/abs/1987Natur.327..123B},
  adsnote = {Provided by the SAO/NASA Astrophysics Data System}
}

@article{Thorne1980,
  title = {Multipole expansions of gravitational radiation},
  author = {Thorne, Kip S.},
  journal = {Rev. Mod. Phys.},
  volume = {52},
  issue = {2},
  pages = {299--339},
  numpages = {0},
  year = {1980},
  month = {Apr},
  publisher = {American Physical Society},
  doi = {10.1103/RevModPhys.52.299},
  url = {https://link.aps.org/doi/10.1103/RevModPhys.52.299}
}

@article{Thorne1992,
  title = {Gravitational-wave bursts with memory: The Christodoulou effect},
  author = {Thorne, Kip S.},
  journal = {Phys. Rev. D},
  volume = {45},
  issue = {2},
  pages = {520--524},
  numpages = {0},
  year = {1992},
  month = {Jan},
  publisher = {American Physical Society},
  doi = {10.1103/PhysRevD.45.520},
  url = {https://link.aps.org/doi/10.1103/PhysRevD.45.520}
}


%W
@article{Wiseman1991,
  title = {Christodoulou's nonlinear gravitational-wave memory: Evaluation in the quadrupole approximation},
  author = {Wiseman, Alan G. and Will, Clifford M.},
  journal = {Phys. Rev. D},
  volume = {44},
  issue = {10},
  pages = {R2945--R2949},
  numpages = {0},
  year = {1991},
  month = {Nov},
  publisher = {American Physical Society},
  doi = {10.1103/PhysRevD.44.R2945},
  url = {https://link.aps.org/doi/10.1103/PhysRevD.44.R2945}
}

